%% This BibTeX bibliography file was created using BibDesk.
%% http://bibdesk.sourceforge.net/


%% Created for Mak at 2011-07-01 23:12:31 +0200 


%% Saved with string encoding Unicode (UTF-8) 



@electronic{mm2009,
	Author = {Mustermann, Max},
	Date-Added = {2010-03-21 22:17:12 +0100},
	Date-Modified = {2011-07-01 23:11:24 +0200},
	Language = {de},
	Month = {11},
	Timestamp = {2009.12.29},
	Title = {Ein Beispielbuch},
	Url = {http://www.example.com},
	Year = {2009},
	Bdsk-Url-1 = {http://bewerberverwaltung.com/hp359/SPS-Bewerberverwaltung.htm}}

@electronic{mf2005,
	Author = {Musterfrau, Maxi},
	Date-Modified = {2011-07-01 23:12:20 +0200},
	Language = {en},
	Month = {08},
	Timestamp = {2009.12.29},
	Title = {Ein weiteres Beispielbuch},
	Url = {http://www.example.com},
	Year = {2005},
	Bdsk-Url-1 = {http://www.p-manent.de/persis/bewerbermanagement/konzept.php}}
